<record><leader>00000cas a2200000 a 4500</leader><controlfield tag="001">13277377</controlfield><controlfield tag="008">860310c18999999ncudn ne      0   a0eng d</controlfield><datafield ind1=" " ind2=" " tag="010"><subfield code="a">sn 93065731 </subfield></datafield><datafield ind1=" " ind2=" " tag="040"><subfield code="a">NCS</subfield><subfield code="b">eng</subfield><subfield code="c">NCS</subfield><subfield code="d">NVJ</subfield><subfield code="d">OCL</subfield><subfield code="d">OCLCQ</subfield></datafield><datafield ind1=" " ind2=" " tag="032"><subfield code="a">460080</subfield><subfield code="b">USPS</subfield></datafield><datafield ind1=" " ind2=" " tag="042"><subfield code="a">msc</subfield></datafield><datafield ind1="0" ind2="4" tag="245"><subfield code="a">The Reidsville review.</subfield></datafield><datafield ind1="1" ind2="3" tag="246"><subfield code="a">Reidsville semi-weekly review</subfield></datafield><datafield ind1="1" ind2="7" tag="246"><subfield code="a">Reidsville (N.C.) review</subfield></datafield><datafield ind1=" " ind2=" " tag="260"><subfield code="a">Reidsville, N.C. :</subfield><subfield code="b">Oliver Bros.</subfield></datafield><datafield ind1=" " ind2=" " tag="300"><subfield code="a">v. :</subfield><subfield code="b">ill. ;</subfield><subfield code="c">58 cm.</subfield></datafield><datafield ind1=" " ind2=" " tag="310"><subfield code="a">Daily (except Saturday &amp; Monday),</subfield><subfield code="b">Oct. 31, 1993-</subfield></datafield><datafield ind1=" " ind2=" " tag="321"><subfield code="a">Semiweekly,</subfield><subfield code="b">Sept. 19, 1899-Nov. 14, 1922</subfield></datafield><datafield ind1=" " ind2=" " tag="321"><subfield code="a">Triweekly,</subfield><subfield code="b">&lt;Nov. 20, 1922&gt;-Sept. 14, 1934</subfield></datafield><datafield ind1=" " ind2=" " tag="321"><subfield code="a">Daily (except Saturday &amp; Sunday),</subfield><subfield code="b">Sept. 17, 1934-Oct. 29, 1993</subfield></datafield><datafield ind1="0" ind2=" " tag="362"><subfield code="a">Vol. 11, no. 28 (Sept. 19, 1899)-</subfield></datafield><datafield ind1=" " ind2=" " tag="500"><subfield code="a">Democrat.</subfield></datafield><datafield ind1=" " ind2=" " tag="515"><subfield code="a">Issue designation varies: Vol. 11, no. 28 (Sept. 19, 1899)-v. 33,no. 103 (Mar. 8, 1921); 34th yr. (Mar. 11, 1921)-35th yr. (May 26, 1922); v. 35, no. 24 (May 30, 1922)-&lt;v. 48, no. 136 (June 28, 1935)&gt;; 49th yr. (June 3, 1937)-</subfield></datafield><datafield ind1=" " ind2=" " tag="752"><subfield code="a">United States</subfield><subfield code="b">North Carolina</subfield><subfield code="c">Rockingham</subfield><subfield code="d">Reidsville.</subfield></datafield><datafield ind1="0" ind2="0" tag="780"><subfield code="t">Weekly review (Reidsville, N.C.)</subfield><subfield code="w">(DLC)sn 93065730</subfield></datafield><datafield ind1=" " ind2=" " tag="936"><subfield code="a">Nov. 1, 1985</subfield></datafield></record>